% This file was created with JabRef 2.9.2.
% Encoding: UTF-8

% Own bin entrys
@INPROCEEDINGS{ref:hpcc1,
  author = {Rajkumar Buyya},
  title = {{High Performance Cluster Computing Volume 1 Architecture and Systems}},
  date = {2008-5}
}

@INPROCEEDINGS{ref:mpi_specification,
  author = {Message Passing Interface Forum},
  title = {{MPI: A Message Passing Interface Standard Version}},
  date = {1999-12}
}

@article{Flynn:1972:COE:1952456.1952459,
 author = {Flynn, Michael J.},
 title = {Some Computer Organizations and Their Effectiveness},
 journal = {IEEE Trans. Comput.},
 issue_date = {September 1972},
 volume = {21},
 number = {9},
 month = sep,
 year = {1972},
 issn = {0018-9340},
 pages = {948--960},
 numpages = {13},
 url = {http://dx.doi.org/10.1109/TC.1972.5009071},
 doi = {10.1109/TC.1972.5009071},
 acmid = {1952459},
 publisher = {IEEE Computer Society},
 address = {Washington, DC, USA},
 keywords = {Computer organization, computer organization, instruction stream, overlapped, parallel processors, resource hierarchy},
}

@artivle{ref:picongpu,
  author = {Heiko Burau, Renée Widera, Wolfgang Hönig, Guido Juckeland, Alexander Debus, Thomas Kluge, Ulrich Schramm,
Tomas E. Cowan, Roland Sauerbrey, and Michael Bussmann},
  title = {{PIConGPU: A Fully Relativistic Particle-in-Cell Code for a GPU Cluster}},
  date = {2010-12}
}


%% Bib from template

@INPROCEEDINGS{becher04:_feurig_hacken_mit_firew,
  author = {Michael Becher and Maximillian Dornseif},
  title = {{Feuriges Hacken - Spaß mit Firewire}},
  booktitle = {21C3: Proceedings of the 21st Chaos Communication Congress},
  date = {2004-12}
}

@CONFERENCE{bellard2005qfa,
  author = {Fabrice Bellard},
  title = {{QEMU, a fast and portable dynamic translator}},
  booktitle = {Proceedings of the USENIX Annual Technical Conference, FREENIX Track},
  date = {2005},
  pages = {41--46}
}

@INPROCEEDINGS{boileau06,
  author = {Adam Boileau},
  title = {{Hit by a Bus: Physical Access Attacks with Firewire}},
  booktitle = {RUXCON},
  date = {2006}
}

@BOOK{frederick95,
  author = {Brooks,Jr., Frederick P.},
  title = {The mythical man-month (anniversary ed.)},
  date = {1995},
  publisher = {Addison-Wesley Longman Publishing Co., Inc.},
  location = {Boston, MA, USA},
  isbn = {0-201-83595-9}
}

@ARTICLE{collins97a,
  author = {Robert R. Collins},
  title = {{In-Circuit Emulation: How the Microprocessor Evolved Over Time}},
  date = {1997-09},
  journal = {Dr. Dobbs Journal}
}

@ARTICLE{feske07,
  author = {Norman Feske},
  title = {{A case study on the cost and benefit of dynamic RPC marshalling
	for low-level system components}},
  date = {2007},
  volume = {41},
  number = {4},
  pages = {40--48},
  issn = {0163-5980},
  doi = {http://doi.acm.org/10.1145/1278901.1278908},
  journal = {SIGOPS Operating Systems Review},
  location = {New York, NY, USA},
  publisher = {ACM}
}

@ONLINE{green04,
  author = {Tom Green},
  title = {{1394 Kernel Debugging Tips and Tricks}},
  date = {2004},
  url = {http://download.microsoft.com/download/1/8/f/18f8cee2-0b64-41f2-893d-a6f2295b40c8/DW04001_WINHEC2004.ppt},
  note = {Slide presentation at the WinHEC 2004},
  urldate = {2009-06-03}
}

@PATENT{patent:4819234,
  author = {Huber, William S.},
  title = {Operating system debugger},
  number = {4819234},
  date = {1989-04},
  location = {Needham, MA},
  url = {http://www.freepatentsonline.com/4819234.html}
}

