% This file was created with JabRef 2.9.2.
% Encoding: UTF-8

% Own bin entrys
@BOOK{ref:hpcc1,
  author = {Rajkumar Buyya},
  title = {{High Performance Cluster Computing Volume 1 Architecture and Systems}},
  date = {2008-5}
}

@INPROCEEDINGS{ref:mpi_specification,
  author = {Message Passing Interface Forum},
  title = {{MPI: A Message Passing Interface Standard Version}},
  date = {1999-12}
}

@article{Flynn:1972:COE:1952456.1952459,
 author = {Flynn, Michael J.},
 title = {Some Computer Organizations and Their Effectiveness},
 journal = {IEEE Trans. Comput.},
 issue_date = {September 1972},
 volume = {21},
 number = {9},
 month = sep,
 year = {1972},
 issn = {0018-9340},
 pages = {948--960},
 numpages = {13},
 url = {http://dx.doi.org/10.1109/TC.1972.5009071},
 doi = {10.1109/TC.1972.5009071},
 acmid = {1952459},
 publisher = {IEEE Computer Society},
 address = {Washington, DC, USA},
 keywords = {Computer organization, computer organization, instruction stream, overlapped, parallel processors, resource hierarchy},
}

@ARTICLE{ref:mosix,
  author = {Barak A., Shiloh a.},
  title = {{The MOSIX Cluster Operating System for Distributed Computing on Linux Clusters and Multi-Cluster Private Clouds}},
  date = {2014}
}

@ONLINE{ref:single_system_image,
  author = {},
  title = {{Single system image}},
  date = {2013},
  url = {http://en.wikipedia.org/wiki/Single_system_image},
  urldate = {2013-02-28}
}

@ONLINE{ref:pvm,
  author = {},
  title = {{PVM (Parallel Virtual Machine)}},
  date = {2011},
  url = {http://www.csm.ornl.gov/pvm/},
  urldate = {2011-05-12}
}

@MISC{Seinstra_junglecomputing:,
    author = {Frank J. Seinstra and Jason Maassen and Rob V. Van Nieuwpoort and Niels Drost and Timo Van Kessel and Ben Van Werkhoven and Jacopo Urbani and Ceriel Jacobs and Thilo Kielmann and Henri E. Bal and Jacopo Urbani and Ceriel Jacobs and Thilo Kielmann and Henri E. Bal},
    title = {Jungle Computing: Distributed Supercomputing beyond Clusters, Grids, and Clouds},
    year = {}
}

@ARTICLE{ref:jungle,
  author = {Frank J. Seinstra and Jason Maassen and Rob V. Van Nieuwpoort and Niels Drost and Timo Van Kessel and Ben Van Werkhoven and Jacopo Urbani and Ceriel Jacobs and Thilo Kielmann and Henri E. Bal and Jacopo Urbani and Ceriel Jacobs and Thilo Kielmann and Henri E. Bal},
  title = {{Jungle Computing: Distributed Supercomputing beyond Clusters, Grids, and Clouds}},
  date = {2011},
  pages = {167--197},
  book = {Grids, Clouds and Virtualization},
  publisher = {Springer}
}

@ARTICLE{ref:accel,
  author = {Javier Diz and Camelia Munoz-Cao, and Alfonso Nino},
  title = {{A Survey of Parallel Programming Models and Tools in the Multi and Many-Core Era}},
  date = {2012},
}

@ONLINE{ref:cuda,
  author = {},
  title = {{CUDA Toolkit Documentation}},
  date = {2014},
  url = {http://docs.nvidia.com/cuda/cuda-c-programming-guide/},
  urldate = {2014-01-09}
}

@ONLINE{ref:opencl,
  author = {},
  title = {{Khronos Group}},
  date = {2014},
  url = {http://www.khronos.org/},
  urldate = {2014-01-09}
}

@ONLINE{ref:policy_strategy,
  author = {},
  title = {{Policy-based design}},
  date = {2014},
  url = {http://en.wikipedia.org/wiki/Policy-based_design},
  urldate = {2014-10-06}
}

@ONLINE{ref:xeon_phi,
  author = {},
  title = {{Intel Xeon Phi Product Family}},
  date = {2014},
  url = {http://www.intel.eu/content/www/eu/en/processors/xeon/xeon-phi-detail.html},
  urldate = {2014-01-09}
}

@ONLINE{ref:boost_mpi,
  author = {},
  title = {{Boost.MPI}},
  date = {2014},
  url = {http://www.boost.org/doc/libs/1_56_0/doc/html/mpi.html},
  urldate = {2014-06-10}
}

@ONLINE{ref:boost_asio,
  author = {},
  title = {{Boost.Asio}},
  date = {2014},
  url = {http://www.boost.org/doc/libs/1_56_0/doc/html/boost_asio.html},
  urldate = {2014-06-10}
}

@ONLINE{ref:boost,
  author = {},
  title = {{Boost C++ Libraries}},
  date = {2014},
  url = {http://www.boost.org},
  urldate = {2014-11-10}
}

@ONLINE{ref:vector,
  author = {},
  title = {{STL std::vector}},
  date = {2014},
  url = {http://www.cplusplus.com/reference/vector/vector/},
  urldate = {2014-07-10}
}

@ONLINE{ref:array,
  author = {},
  title = {{STL std::array}},
  date = {2014},
  url = {http://www.cplusplus.com/reference/array/array/},
  urldate = {2014-07-10}
}

@ONLINE{ref:functional,
  author = {},
  title = {{STL functional}},
  date = {2014},
  url = {http://www.cplusplus.com/reference/functional/},
  urldate = {2014-07-10}
}

@ONLINE{ref:zmq,
  author = {},
  title = {{ZMQ}},
  date = {2014},
  url = {http://zeromq.org/},
  urldate = {2014-06-10}
}

@ONLINE{ref:lemon,
  author = {},
  title = {{Lemon Graph Library}},
  date = {2014},
  url = {http://lemon.cs.elte.hu/trac/lemon},
  urldate = {2014-07-10}
}

@ONLINE{ref:gol_rules,
  author = {},
  title = {{Conway's Game of Life Rules}},
  date = {2014},
  url = {http://en.wikipedia.org/wiki/Conway%27s_Game_of_Life#Rules},
  urldate = {2014-07-10}
}

@ONLINE{ref:boost_bgl,
  author = {},
  title = {{}},
  date = {2014},
  url = {http://www.boost.org/doc/libs/1_56_0/libs/graph/doc/},
  urldate = {2014-07-10}
}

@ONLINE{ref:igraph,
  author = {},
  title = {{igraph The network analysis package}},
  date = {2014},
  url = {http://igraph.org/redirect.html},
  urldate = {2014-07-10}
}

@ONLINE{ref:ogdf,
  author = {},
  title = {{OGDF - Open Graph Drawing Framework}},
  date = {2014},
  url = {http://www.ogdf.net/doku.php},
  urldate = {2014-07-10}
}

@ONLINE{ref:c++11,
  author = {},
  title = {{C++ Reference}},
  date = {2014},
  url = {http://en.cppreference.com},
  urldate = {2014-11-10}
}

@ONLINE{ref:mpi_bin_op,
  author = {},
  title = {{Predefined reduce operations}},
  date = {2014},
  url = {http://www.mpi-forum.org/docs/mpi-1.1/mpi-11-html/node78.html},
  urldate = {2014-12-10}
}

@BOOK{ref:grid,
  author = {Dietmar Fey},
  title = {{Grid-Computing}},
  date = {2010}
}

@BOOK{ref:policy_based_design,
  author = {Andrei Alexandrescu},
  title = {{ Modern C++ Design}},
  date = {2001-01}
}


@article{ref:ibis,
author = {Nick Palmer and Timo van Kessel and Roelof Kemp and Niels Drost and Rob V van Nieuwpoort and Jason Maassen and Henri E Bal and Gosia Wrzesinska and Thilo Kielmann and Kees van Reeuwijk and Frank J Seinstra and Ceriel J H Jacobs and Kees Verstoep},
title = {Real-World Distributed Computer with Ibis},
journal ={Computer},
volume = {43},
number = {8},
issn = {0018-9162},
year = {2010},
pages = {54-62},
doi = {http://doi.ieeecomputersociety.org/10.1109/MC.2010.184},
publisher = {IEEE Computer Society},
address = {Los Alamitos, CA, USA},
}

@inproceedings{ref:constellation,
 author = {Maassen, Jason and Drost, Niels and Bal, Henri E. and Seinstra, Frank J.},
 title = {Towards Jungle Computing with Ibis/Constellation},
 booktitle = {Proceedings of the 2011 Workshop on Dynamic Distributed Data-intensive Applications, Programming Abstractions, and Systems},
 series = {3DAPAS '11},
 year = {2011},
 isbn = {978-1-4503-0705-5},
 location = {San Jose, California, USA},
 pages = {7--18},
 numpages = {12},
 url = {http://doi.acm.org/10.1145/1996010.1996013},
 doi = {10.1145/1996010.1996013},
 acmid = {1996013},
 publisher = {ACM},
 address = {New York, NY, USA},
 keywords = {distributed, heterogeneous and hierarchical computing},
} 

@ARTICLE{ref:pegasus,
    author = {Ewa Deelman and Gurmeet Singh and Mei-hui Su and James Blythe and Yolanda Gil and Carl Kesselman and Gaurang Mehta and Karan Vahi and G. Bruce Berriman and John Good and Anastasia Laity and Joseph C. Jacob and Daniel S. Katz},
    title = {Pegasus: a framework for mapping complex scientific workflows onto distributed systems},
    journal = {SCIENTIFIC PROGRAMMING JOURNAL},
    year = {2005},
    volume = {13},
    pages = {219--237}
}

@inproceedings{ref:ull_calibrate_lib,
  author    = {Alejandro Acosta and
               Vicente Blanco P{\'{e}}rez and
               Francisco Almeida},
  title     = {Towards the Dynamic Load Balancing on Heterogeneous Multi-GPU Systems},
  booktitle = {10th {IEEE} International Symposium on Parallel and Distributed Processing
               with Applications, {ISPA} 2012, Leganes, Madrid, Spain, July 10-13,
               2012},
  year      = {2012},
  pages     = {646--653},
  crossref  = {DBLP:conf/ispa/2012},
  url       = {http://dx.doi.org/10.1109/ISPA.2012.96},
  doi       = {10.1109/ISPA.2012.96},
  timestamp = {Thu, 09 Oct 2014 13:34:38 +0200},
  biburl    = {http://dblp.uni-trier.de/rec/bib/conf/ispa/AcostaPA12},
  bibsource = {dblp computer science bibliography, http://dblp.org}
}

@article{ref:starpu,
    hal_id = {inria-00550877},
    url = {http://hal.inria.fr/inria-00550877},
    title = {{StarPU: a unified platform for task scheduling on heterogeneous multicore architectures}},
    author = {Augonnet, C{\'e}dric and Thibault, Samuel and Namyst, Raymond and Wacrenier, Pierre-Andr{\'e}},
       language = {Anglais},
    affiliation = {Laboratoire Bordelais de Recherche en Informatique - LaBRI , RUNTIME - INRIA Bordeaux - Sud-Ouest},
    booktitle = {{Euro-Par 2009 best papers}},
    publisher = {Wiley},
    pages = {187-198},
    journal = {Concurrency and Computation: Practice and Experience},
    volume = {23},
    number = {2 },
    audience = {internationale },
    year = {2011},
    pdf = {http://hal.inria.fr/inria-00550877/PDF/ccpe10.pdf},
}

@article{ref:charm,
author = {Acun, Bilge and Gupta, Abhishek and Jain, Nikhil and Langer, Akhil and Menon, Harshitha and Mikida, Eric and Ni, Xiang and Robson, Michael and Sun, Yanhua and Totoni, Ehsan and Others},
title = {{Parallel Programming with Migratable Objects: Charm++ in Practice}},
date = {2014} 
}

@ONLINE{ref:mpi_topology,
  author = {},
  title = {{MPI Virtual Topologies}},
  date = {2014},
  url = {http://www.mpi-forum.org/docs/mpi-1.1/mpi-11-html/node129.html},
  urldate = {2014-12-10}
}

@ONLINE{ref:boost_graph_communicator,
  author = {},
  title = {{Boost Graph Communicator}},
  date = {2014},
  url = {http://www.boost.org/doc/libs/1_48_0/doc/html/boost/mpi/graph_communicator.html},
  urldate = {2014-12-10}
}

@BOOK{ref:graph,
  author = {Prof. Dr. Dieter Jungnickel},
  title = {{Graphen, Netzwerke und Algorithmen}},
  date = {1994},
}

@ARTICLE{ref:quiver,
  author = {Derksen, Harm; Weyman, Jerzy},
  title = {{Quiver Representations}},
  date = {2005},
}

@ONLINE{ref:gol,
  author = {},
  title = {{Conway's Game of Life}},
  date = {2014},
  url = {http://en.wikipedia.org/wiki/Conway%27s_Game_of_Life},
  urldate = {2014-12-10}
}

@ONLINE{ref:doxygen,
  author = {},
  title = {{Doxygen}},
  date = {2014},
  url = {http://www.doxygen.org},
  urldate = {2014-12-10}
}

@BOOK{ref:type_trait,
  author = {Andrei Alexandrescu},
  title = {{Modern C++ Design - Type Traits}},
  date = {2001-01}
}

@ONLINE{ref:top500,
  author = {},
  title = {{Top 500 HPC System}},
  date = {2014},
  url = {http://www.top500.org/},
  urldate = {2014-12-10}
}

%Burau, H.; Widera, R.; Hönig, W.; Juckeland, G.; Debus, A.; Kluge, T.; Schramm, U.; Cowan, T.E.; Sauerbrey, R.; Bussmann, M.

@ARTICLE{ref:picongpu,
  author = {Burau, H. and  Widera, R. and Hönig, W. and Juckeland, G. and Debus, A. and Kluge, T. and Schramm, U. and Cowan, T. E. and Sauerbrey, R. and Bussman, M.},
  title = {{PIConGPU: A Fully Relativistic Particle-in-Cell Code for a GPU Cluster}},
  date = {2010},
}

@inproceedings{ref:picongpu_scale,
 author = {Bussmann, M. and Burau, H. and Cowan, T. E. and Debus, A. and Huebl, A. and Juckeland, G. and Kluge, T. and Nagel, W. E. and Pausch, R. and Schmitt, F. and Schramm, U. and Schuchart, J. and Widera, R.},
 title = {Radiative Signatures of the Relativistic Kelvin-Helmholtz Instability},
 booktitle = {Proceedings of the International Conference on High Performance Computing, Networking, Storage and Analysis},
 series = {SC '13},
 year = {2013},
 isbn = {978-1-4503-2378-9},
 location = {Denver, Colorado},
 pages = {5:1--5:12},
 articleno = {5},
 numpages = {12},
 url = {http://doi.acm.org/10.1145/2503210.2504564},
 doi = {10.1145/2503210.2504564},
 acmid = {2504564},
 publisher = {ACM},
 address = {New York, NY, USA},
} 

@ONLINE{ref:hzdr_cluster,
  author = { Schulz, Henrik},
  title = {{Hochleistungsrechnen am HZDR}},
  date = {2014},
  url = {https://www.hzdr.de/db/Cms?pNid=1615},
  urldate = {2014-18-10}
}

@ONLINE{ref:ibm_roadrunner,
  author = {},
  title = {{IBM Roadrunner}},
  date = {2014},
  url = {http://en.wikipedia.org/wiki/IBM_Roadrunner},
  urldate = {2014-9-11}
}

@ONLINE{ref:titan,
  author = {},
  title = {{Titan Supercomputer}},
  date = {2014},
  url = {http://en.wikipedia.org/wiki/Titan_%28supercomputer%29},
  urldate = {2014-9-11}
}

@ONLINE{ref:cresta,
  author = {},
  title = {{Titan Supercomputer}},
  date = {2014},
  url = {http://www.cresta-project.eu/the-exascale-challenge.html},
  urldate = {2014-9-11}
}

@ONLINE{ref:folding_at_home,
  author = {},
  title = {{Folding@Home}},
  date = {2014},
  url = {http://folding.stanford.edu/},
  urldate = {2014-9-11}
}

@ONLINE{ref:seti_at_home,
  author = {},
  title = {{Seti@Home}},
  date = {2014},
  url = {http://setiathome.ssl.berkeley.edu/},
  urldate = {2014-9-11}
}

@ONLINE{ref:openmp,
  author = {},
  title = {{OpenMP}},
  date = {2014},
  url = {http://openmp.org},
  urldate = {2014-10-11}
}

@ONLINE{ref:cuda_aware_mpi,
  author = {Kraus, J},
  title = {{An Introduction to CUDA-Aware MPI}},
  date = {2014},
  url = {http://devblogs.nvidia.com/parallelforall/introduction-cuda-aware-mpi/},
  urldate = {2014-10-11}
}




